@article{thiele2003hilbert,
  title={Hilbert's twenty-fourth problem},
  author={Thiele, R{\"u}dger},
  journal={The American mathematical monthly},
  volume={110},
  number={1},
  pages={1--24},
  year={2003},
  publisher={JSTOR}
}

@article{DBLP:journals/corr/HeuleKM16,
  author    = {Marijn J. H. Heule and
               Oliver Kullmann and
               Victor W. Marek},
  title     = {Solving and Verifying the boolean Pythagorean Triples problem via
               Cube-and-Conquer},
  journal   = {CoRR},
  volume    = {abs/1605.00723},
  year      = {2016},
  url       = {http://arxiv.org/abs/1605.00723},
  timestamp = {Wed, 01 Jun 2016 15:51:09 +0200},
  biburl    = {http://dblp.uni-trier.de/rec/bib/journals/corr/HeuleKM16},
  bibsource = {dblp computer science bibliography, http://dblp.org}
}

@inproceedings{fontaine2011compression,
  title={Compression of propositional resolution proofs via partial regularization},
  author={Fontaine, Pascal and Merz, Stephan and Paleo, Bruno Woltzenlogel},
  booktitle={International Conference on Automated Deduction},
  pages={237--251},
  year={2011},
  organization={Springer}
}

@inproceedings{bar2008linear,
  title={Linear-time reductions of resolution proofs},
  author={Bar-Ilan, Omer and Fuhrmann, Oded and Hoory, Shlomo and Shacham, Ohad and Strichman, Ofer},
  booktitle={Haifa Verification Conference},
  pages={114--128},
  year={2008},
  organization={Springer}
}

@inproceedings{tseitin1970complexity,
  title={On the complexity of proofs in propositional logics},
  author={Tseitin, Gregory},
  booktitle={Seminars in Mathematics},
  volume={8},
  pages={466--483},
  year={1970}
}